<record><leader>00000cas a22000007a 4500</leader><controlfield tag="001">12825515</controlfield><controlfield tag="008">851120d1949195umtuwr ne      0    0eng d</controlfield><datafield ind1=" " ind2=" " tag="010"><subfield code="a">sn 85053337 </subfield></datafield><datafield ind1=" " ind2=" " tag="040"><subfield code="a">MTL</subfield><subfield code="b">eng</subfield><subfield code="c">MTL</subfield><subfield code="d">OCLCQ</subfield></datafield><datafield ind1=" " ind2=" " tag="042"><subfield code="a">msc</subfield></datafield><datafield ind1="0" ind2=" " tag="130"><subfield code="a">Times-monitor (Kalispell, Mont.)</subfield></datafield><datafield ind1="1" ind2="0" tag="245"><subfield code="a">Times-monitor.</subfield></datafield><datafield ind1=" " ind2=" " tag="260"><subfield code="a">Kalispell, Mont. :</subfield><subfield code="b">H.T. Miller,</subfield><subfield code="c">1949-</subfield></datafield><datafield ind1=" " ind2=" " tag="300"><subfield code="a">v. :</subfield><subfield code="b">ill. ;</subfield><subfield code="c">55 cm.</subfield></datafield><datafield ind1=" " ind2=" " tag="310"><subfield code="a">Weekly</subfield></datafield><datafield ind1="0" ind2=" " tag="362"><subfield code="a">Vol. 33, no. 17 (Jan. 27, 1949)-</subfield></datafield><datafield ind1="1" ind2=" " tag="362"><subfield code="a">Ceased by 1957.</subfield><subfield code="z">Cf. Montana advertising rate bk. and newspaper directory, 1957.</subfield></datafield><datafield ind1=" " ind2=" " tag="500"><subfield code="a">Last issue located: Vol. 34 [i.e. 38], no. 5 (Oct. 28, 1954).</subfield></datafield><datafield ind1=" " ind2=" " tag="752"><subfield code="a">United States</subfield><subfield code="b">Montana</subfield><subfield code="c">Flathead</subfield><subfield code="d">Kalispell.</subfield></datafield><datafield ind1="0" ind2="4" tag="780"><subfield code="t">Kalispell times</subfield><subfield code="w">(DLC)sn 86075275</subfield></datafield><datafield ind1="0" ind2="4" tag="780"><subfield code="t">Flathead monitor</subfield><subfield code="w">(DLC)sn 85053336</subfield></datafield><datafield ind1="0" ind2="4" tag="785"><subfield code="t">Kalispell news-farm journal</subfield><subfield code="w">(DLC)sn 85053344</subfield></datafield></record>